<?xml version="1.0" encoding="UTF-8"?><collection xmlns="http://www.loc.gov/MARC21/slim"><record><leader>00443nam--2200169-i-4500</leader><controlfield tag="001">000002941</controlfield><controlfield tag="002">20161230</controlfield><controlfield tag="005">20170127212712</controlfield><controlfield tag="008">060222s1000------------r-----000-0-eng-d</controlfield><datafield ind1=" " ind2=" " tag="100"><subfield code="a">Birkhoff, Garrett</subfield></datafield><datafield ind1=" " ind2=" " tag="245"><subfield code="a">A survey of modern algebr</subfield></datafield><datafield ind1=" " ind2=" " tag="250"><subfield code="a">revised edition</subfield></datafield><datafield ind1=" " ind2=" " tag="260"><subfield code="a">New York</subfield><subfield code="b">Mac Millan</subfield><subfield code="c">1955</subfield></datafield><datafield ind1=" " ind2=" " tag="300"><subfield code="a">(3.D Printing) XI+ 472 P. Cu Fig</subfield></datafield><datafield ind1=" " ind2=" " tag="700"><subfield code="a">Saunders Mac Lane</subfield></datafield><datafield ind1=" " ind2=" " tag="852"><subfield code="a">11636</subfield></datafield><datafield ind1=" " ind2=" " tag="CAT"><subfield code="a">SYS</subfield><subfield code="c">20170127</subfield><subfield code="h">212712</subfield></datafield></record></collection>